@misc{msbse,
  title={Myndigheten för samhällsskydd och beredskap},
  URL={https://www.msb.se},
  year={2019},
  month={03},
}
@misc{iso27001,
title={ISO/IEC 27001:2013},
year={2013},
month={10}
}

@misc{msb_metodstod,
  author={Rappe, Andreas and
  Önne, Carl and
  Hyenstrand, Eva and
  Blix, Fredrik and
  Andersson, Helena and
  Holmström Ingrid and
  Andersson, Jan-Olof and
  Starkerud, Kristina and
  Grundström, Lars and
  Oscarson, Per and
  Lundberg, Robert and
  Åhlfeldt, Rose-Mharie and
  Andersson, Tina and
  Lyckeborg, Elina and
  Bergsten, Daniela},
  title={Metodstöd för systematiskt informationssäkerhetsarbete},
  year={2018},
  month={02},
  URL={http://www.informationssakerhet.se},
}

@article{eu:gdpr, 
  journal = {Official Journal of the European Union},
  key = {European Union},
  keywords = {data-protection, eu, gdpr, legal}, 
  month = may, 
  pages = {1--88},
  title = {{Regulation (EU) 2016/679 of the European Parliament and of the
    Council of 27 April 2016 on the protection of natural persons with regard to
    the processing of personal data and on the free movement of such data, and
    repealing Directive 95/46/EC (General Data Protection Regulation)}},
  url = {http://eur-lex.europa.eu/legal-content/EN/TXT/?uri=OJ:L:2016:119:TOC},
  volume = {L119}, 
  year = {2016}
}

@misc{Lindkvist2012tdf,
  author={Lindkvist, Ida},
  title={Tietohaveriet -- dag för dag},
  year={2012},
  month={2},
  day={22},
  publisher={Computer Sweden},
  URL={https://computersweden.idg.se/2.2683/1.434018/tietohaveriet---dag-for-dag},
}
@misc{Ottsjo2019,
  author={Ottsjö, Petter},
  title={Här är allt vi vet om 1177-skandalen},
  year={2019},
  month={3},
  day={04},
  publisher={NyTeknik},
  URL={https://www.nyteknik.se/sakerhet/har-ar-allt-vi-vet-om-1177-skandalen-6948869},
}
@misc{SvTTransport2017,
  title={SVT Nyheter avslöjar: Läckte uppgifter vid dataupphandling},
  year={2017},
  month={7},
  day={06},
  publisher={SVT Nyheter},
  URL={https://www.svt.se/nyheter/inrikes/svt-avslojar-dataupphandling-agrens-fall},
}
@misc{SvTPublicEmpl2019,
  title={Tusentals beslut kan vara fel på Arbetsförmedlingen},
  year={2019},
  month={2},
  day={13},
  publisher={SVT Nyheter},
  URL={https://sverigesradio.se/sida/gruppsida.aspx?programid=83&grupp=10974&artikel=7154902},
}
