
@book{Anderson2008sea,
  author={Anderson, Ross J.},
  title={Security Engineering},
  subtitle={A guide to building dependable distributed systems},
  publisher={Wiley},
  address={Indianapolis, IN},
  year={2008},
  edition={2},
  ISBN={978-0-470-06852-6 (hbk.)},
  URL={http://www.cl.cam.ac.uk/~rja14/book.html},
  keywords={IT-s{\"a}kerhet},
}

@misc{CERT-SE,
  author={{Myndigheten för samhällsskydd och beredskap}},
  title={{CERT-SE}},
  URL={https://www.cert.se},
}

@misc{MSBFS2020:6,
  origanization={Myndigheten för samhällsskydd och beredskap},
  title={Myndigheten för samhällsskydd och beredskaps föreskrifter om statliga 
    myndigheters informationssäkerhet},
  note={MSBFS 2020:6},
  URL={https://www.msb.se/sv/regler/gallande-regler/krisberedskap-och-informationssakerhet/msbfs-20206/},
}

@misc{MSBFS2009:10,
  origanization={Myndigheten för samhällsskydd och beredskap},
  title={Myndigheten för samhällsskydd och beredskaps föreskrifter om statliga 
    myndigheters informationssäkerhet},
  note={MSBFS 2009:10},
  URL={https://www.msb.se/externdata/rs/94a3d208-2ac4-48a1-84f2-208268f5767e.pdf},
}
@misc{MSB2018iom,
  organization={Myndigheten för samhällsskydd och beredskap},
  title={Metodstödet},
  year={2018},
  URL={https://www.informationssakerhet.se/metodstodet/metodstodet/},
  note={Hämtad den 21 mars 2022},
}

@misc{MSB2018anv,
  organization={Myndigheten för samhällsskydd och beredskap},
  title={Metodstödet},
  year={2018},
  URL={https://www.informationssakerhet.se/metodstodet/analysera/},
  note={Hämtad den 21 april 2022},
}

@misc{MSB2018sle,
  organization={Myndigheten för samhällsskydd och beredskap},
  title={Ledningens engagemang avgörande},
  year={2018},
  URL={https://www.informationssakerhet.se/metodstodet/anvanda/#ledningens-engagemang-avg%C3%B6rande},
  note={Hämtad den 21 mars 2022},
}
@misc{MSB2013m,
  organization={Myndigheten för samhällsskydd och beredskap},
  title={Metodstöd},
  year={2010},
  URL={http://www.informationssakerhet.se/Ramverket/},
  note={Hämtad den 9 januari 2013},
}
@misc{MSB2011itm,
  author={Andersson, Helena and
    Andersson, Jan-Olof and
    Björck, Fredrik and
    Eriksson, Martin and
    Eriksson, Rebecca and
    Lundberg, Robert and
    Patrickson, Michael and
    Starkerud, Kristina},
  title={Introduktion till metodstödet},
  year={2011},
  month={12},
  URL={http://www.informationssakerhet.se},
}
@misc{MSB2011sle,
  author={Andersson, Helena and
    Andersson, Jan-Olof and
    Björck, Fredrik and
    Eriksson, Martin and
    Eriksson, Rebecca and
    Lundberg, Robert and
    Patrickson, Michael and
    Starkerud, Kristina},
  title={Säkra ledningens engagemang},
  year={2011},
  month={12},
  URL={http://www.informationssakerhet.se},
}
@misc{MSB2011p,
  author={Andersson, Helena and
    Andersson, Jan-Olof and
    Björck, Fredrik and
    Eriksson, Martin and
    Eriksson, Rebecca and
    Lundberg, Robert and
    Patrickson, Michael and
    Starkerud, Kristina},
  title={Projektplanering},
  year={2011},
  month={12},
  URL={http://www.informationssakerhet.se},
}
@misc{MSB2011v,
  author={Andersson, Helena and
    Andersson, Jan-Olof and
    Björck, Fredrik and
    Eriksson, Martin and
    Eriksson, Rebecca and
    Lundberg, Robert and
    Patrickson, Michael and
    Starkerud, Kristina},
  title={Verksamhetsanalys},
  year={2011},
  month={12},
  URL={http://www.informationssakerhet.se},
}
@misc{MSB2011r,
  author={Andersson, Helena and
    Andersson, Jan-Olof and
    Björck, Fredrik and
    Eriksson, Martin and
    Eriksson, Rebecca and
    Lundberg, Robert and
    Patrickson, Michael and
    Starkerud, Kristina},
  title={Riskanalys},
  year={2011},
  month={12},
  URL={http://www.informationssakerhet.se},
}
@misc{MSB2011gap,
  author={Andersson, Helena and
    Andersson, Jan-Olof and
    Björck, Fredrik and
    Eriksson, Martin and
    Eriksson, Rebecca and
    Lundberg, Robert and
    Patrickson, Michael and
    Starkerud, Kristina},
  title={Gapanalys},
  year={2011},
  month={12},
  URL={http://www.informationssakerhet.se},
}
@misc{MSB2011gb,
  author={Andersson, Helena and
    Andersson, Jan-Olof and
    Björck, Fredrik and
    Eriksson, Martin and
    Eriksson, Rebecca and
    Lundberg, Robert and
    Patrickson, Michael and
    Starkerud, Kristina},
  title={Gapanalys -- Checklistan},
  year={2011},
  month={12},
  URL={http://www.informationssakerhet.se},
}
@misc{MSB2011vs,
  author={Andersson, Helena and
    Andersson, Jan-Olof and
    Björck, Fredrik and
    Eriksson, Martin and
    Eriksson, Rebecca and
    Lundberg, Robert and
    Patrickson, Michael and
    Starkerud, Kristina},
  title={Välja säkerhetsåtgärder},
  year={2011},
  month={12},
  URL={http://www.informationssakerhet.se},
}
@misc{MSB2011us,
  author={Andersson, Helena and
    Andersson, Jan-Olof and
    Björck, Fredrik and
    Eriksson, Martin and
    Eriksson, Rebecca and
    Lundberg, Robert and
    Patrickson, Michael and
    Starkerud, Kristina},
  title={Utforma säkerhetsprocesser},
  year={2011},
  month={12},
  URL={http://www.informationssakerhet.se},
}
@misc{MSB2011upo,
  author={Andersson, Helena and
    Andersson, Jan-Olof and
    Björck, Fredrik and
    Eriksson, Martin and
    Eriksson, Rebecca and
    Lundberg, Robert and
    Patrickson, Michael and
    Starkerud, Kristina},
  title={Utforma policy och styrdokument},
  year={2011},
  month={12},
  URL={http://www.informationssakerhet.se},
}

@misc{MSB2011pg,
  author={Andersson, Helena and
    Andersson, Jan-Olof and
    Björck, Fredrik and
    Eriksson, Martin and
    Eriksson, Rebecca and
    Lundberg, Robert and
    Patrickson, Michael and
    Starkerud, Kristina},
  title={Planera genomförande},
  year={2011},
  month={12},
  URL={http://www.informationssakerhet.se},
}
@misc{MSB2011koa,
  author={Andersson, Helena and
    Andersson, Jan-Olof and
    Björck, Fredrik and
    Eriksson, Martin and
    Eriksson, Rebecca and
    Lundberg, Robert and
    Patrickson, Michael and
    Starkerud, Kristina},
  title={Konstruera och anskaffa},
  year={2011},
  month={12},
  URL={http://www.informationssakerhet.se},
}
@misc{MSB2011i,
  author={Andersson, Helena and
    Andersson, Jan-Olof and
    Björck, Fredrik and
    Eriksson, Martin and
    Eriksson, Rebecca and
    Lundberg, Robert and
    Patrickson, Michael and
    Starkerud, Kristina},
  title={Införa},
  year={2011},
  month={12},
  URL={http://www.informationssakerhet.se},
}
@misc{MSB2011o,
  author={Andersson, Helena and
    Andersson, Jan-Olof and
    Björck, Fredrik and
    Eriksson, Martin and
    Eriksson, Rebecca and
    Lundberg, Robert and
    Patrickson, Michael and
    Starkerud, Kristina},
  title={Övervaka},
  year={2011},
  month={12},
  URL={http://www.informationssakerhet.se},
}
@misc{MSB2011g,
  author={Andersson, Helena and
    Andersson, Jan-Olof and
    Björck, Fredrik and
    Eriksson, Martin and
    Eriksson, Rebecca and
    Lundberg, Robert and
    Patrickson, Michael and
    Starkerud, Kristina},
  title={Granska},
  year={2011},
  month={12},
  URL={http://www.informationssakerhet.se},
}
@misc{MSB2011lg,
  author={Andersson, Helena and
    Andersson, Jan-Olof and
    Björck, Fredrik and
    Eriksson, Martin and
    Eriksson, Rebecca and
    Lundberg, Robert and
    Patrickson, Michael and
    Starkerud, Kristina},
  title={Ledningens genomgång},
  year={2011},
  month={12},
  URL={http://www.informationssakerhet.se},
}
@unpublished{MSB2011ulo,
  author={Andersson, Helena and
    Andersson, Jan-Olof and
    Björck, Fredrik and
    Eriksson, Martin and
    Eriksson, Rebecca and
    Lundberg, Robert and
    Patrickson, Michael and
    Starkerud, Kristina},
  title={Utveckla {LIS} och skyddet},
  year={2011},
  month={12},
  URL={http://www.informationssakerhet.se},
}
@unpublished{MSB2011kf,
  author={Andersson, Helena and
    Andersson, Jan-Olof and
    Björck, Fredrik and
    Eriksson, Martin and
    Eriksson, Rebecca and
    Lundberg, Robert and
    Patrickson, Michael and
    Starkerud, Kristina},
  title={Kommunicera förbättringar},
  year={2011},
  month={12},
  URL={http://www.informationssakerhet.se},
}
@unpublished{MSB2011fa,
  author={Andersson, Helena and
    Andersson, Jan-Olof and
    Björck, Fredrik and
    Eriksson, Martin and
    Eriksson, Rebecca and
    Lundberg, Robert and
    Patrickson, Michael and
    Starkerud, Kristina},
  title={Fortsatt arbete},
  year={2011},
  month={12},
  URL={http://www.informationssakerhet.se},
}

@misc{CSAtnn,
  author = {{Top Threats Working Group, Cloud Security Alliance}},
  title = {{The Notorious Nine: Cloud Computing Threats in 2013}},
  URL = {http://www.cloudsecurityalliance.org/topthreats/},
  year = 2013
}
@misc{owasp2013,
  shorthand={OWASP13},
  author={The Open Web Application Security Project},
  title={{OWASP} Top 10 - 2013},
  subtitle={The Ten Most Critical Web Application Security Risks},
  year={2013},
  month={6},
  URL={http://owasptop10.googlecode.com/files/OWASP%20Top%2010%20-%202013.pdf},
}
@book{Gollmann2011cs,
  author={Gollmann, Dieter},
  title={Computer Security},
  publisher={Wiley},
  address={Chichester, West Sussex, U.K.},
  year={2011},
  edition={3},
  ISBN={9780470741153 (pbk.)},
  keywords={IT-s{\"a}kerhet},
}

@techreport{enisa2006risk,
  author={{Technical Department of ENISA, Section Risk Management}},
  title={Risk Management: Implementation principles and Inventories for Risk 
    Management/Risk Assessment methods and tools},
  institution={European Union Agency for Network and Information Security 
    (ENISA)},
  month={6},
  year={2006},
  URL={http://www.enisa.europa.eu/activities/risk-management/current-risk/risk-management-inventory/files/deliverables/risk-management-principles-and-inventories-for-risk-management-risk-assessment-methods-and-tools},
}

@misc{IEEEcitation,
  author={Graffox, D},
  title={IEEE Citation Reference},
  year={2009},
  month={9},
  URL={http://www.ieee.org/documents/ieeecitationref.pdf},
}
@misc{PurdueCitation,
  author={Joshua M. Paiz and
    Elizabeth Angeli and
    Jodi Wagner and
    Elena Lawrick and
    Kristen 
    Moore and
    Michael Anderson and
    Lars Soderlund and
    Allen Brizee and
    Russell Keck},
  title={In-Text Citations: The Basics},
  year={2013},
  month={11},
  day={23},
  URL={https://owl.english.purdue.edu/owl/owlprint/560/},
}
@techreport{iso27000,
type={Standard},
key = {SS-EN ISO/IEC 27000:2020},
month = feb,
year = {2020},
title = {Information technology – Security techniques – Information
security management systems – Overview and vocabulary
(ISO/IEC 27000:2018)},
address = {Stockholm, Sweden},
institution = {Swedish Standards Institute},
note = {Available through University Library}
}
@techreport{iso27001,
type={Standard},
key = {SS-EN ISO/IEC 27001:2017},
month = feb,
year = {2017},
title = {Information technology – Security techniques – Information
        security management systems – Requirements (ISO/IEC 27001:2013 
        including Cor 1:2014 and Cor 2:2015)},
address = {Stockholm, Sweden},
institution = {Swedish Standards Institute},
note = {Available through University Library}
}
@techreport{iso27701,
type={Standard},
key = {SS-EN ISO/IEC 27701:2021},
month = may,
year = {2021},
title = {Security techniques – Extension to ISO / IEC 27001 and ISO / IEC 27002 for privacy
  information management – Requirements and guidelines (ISO / IEC 27701:2019)},
institution = {Swedish Standards Institute},
note = {Available through University Library}
}
