@techreport{infokartl,
  title={Vägledning för processorienterad informationskartläggning},
  author={Myndigheten för samhällsskydd och beredskap (MSB) och Riksarkivet},
  month={11},
  year={2012},
  URL={https://riksarkivet.se/Media/pdf-filer/V%C3%A4gledning%20f%C3%B6r%20processorienterad%20informationskartl%C3%A4ggning.pdf},
}

@techreport{ISO30300:2011,
  type = {Standard},
  key = {ISO 30300:2011},
  month = {11},
  year = {2011},
  title = {Information and documentation -- Management systems for records -- 
    Fundamentals and vocabulary},
  volume = {2011},
  address = {Geneva, CH},
  institution = {International Organization for Standardization},
  note = {Available in Swedish from the library in database ``E-nav SIS 
    standarder``},
}
